<?xml version="1.0" encoding="UTF-8"?><collection xmlns="http://www.loc.gov/MARC21/slim"><record><leader>00440nam--2200169-i-4500</leader><controlfield tag="001">000030486</controlfield><controlfield tag="002">20161230</controlfield><controlfield tag="005">20161230201038</controlfield><controlfield tag="008">060222s1000------------r-----000-0-eng-d</controlfield><datafield ind1=" " ind2=" " tag="040"><subfield code="a">IFIN-HH</subfield></datafield><datafield ind1=" " ind2=" " tag="080"><subfield code="a">530.145:539.12:537.6</subfield></datafield><datafield ind1="1" ind2=" " tag="100"><subfield code="a">Lurie, David</subfield></datafield><datafield ind1="1" ind2="0" tag="245"><subfield code="a">Particles and fields</subfield><subfield code="c">David lurie</subfield></datafield><datafield ind1=" " ind2=" " tag="260"><subfield code="a">New York</subfield><subfield code="b">Interscience Publishers</subfield><subfield code="c">1968</subfield></datafield><datafield ind1=" " ind2=" " tag="300"><subfield code="a">XII + 506P</subfield></datafield><datafield ind1=" " ind2=" " tag="852"><subfield code="a">30737</subfield><subfield code="c">539.12</subfield></datafield><datafield ind1=" " ind2=" " tag="CAT"><subfield code="a">Sys</subfield><subfield code="c">20120119</subfield><subfield code="h">124239</subfield></datafield></record></collection>